%%%%%%%%%%%%%%%%%%%%%%%%%%%% NSF-SSE proposal publications %%%%%%%%%%%%%%%%%%%%%%%%%%%%%%%%%%%%%%%

@article{b:isis-tracking-techreport,
    author      = "Branislav Kus\'y and J\'anos Sallai",
    title       = "Analytical solution for radio-interferometric localization of mobile sensors",
    journal     = "Technical Report (ISIS-06-710), http://www.isis.vanderbilt.edu",
    institution = "Institute for Software Integrated Systems, Vanderbilt University",
    address     = "Nashville, Tennessee",
    month       = dec,
    url         = "http://www.isis.vanderbilt.edu",
    year        = "2007",

}


@inproceedings{b:isis-floodrouting,
    author  = "Mikl\'os Mar\'oti",
    title   = "Directed Flood-Routing Framework For Wireless Sensor Networks",
    booktitle = "In Proc. of the 5th ACM/IFIP/USENIX International Conference on Middleware",
    year    = "2004",
    isbn    = "3-540-23428-4",
    pages   = "99--114",
    location = "Toronto, Canada",
    publisher = "Springer-Verlag New York, Inc.",
    address = "New York, NY, USA",
}@inproceedings{b:isis-floodrouting-blind,
    author  = "no author given",
    title   = "no title given",
}



@book{b:arrl,
     author="R. Dean Straw",
     title="The ARRL Antenna Book, 20th Ed.",
     publisher="American Radio Relay League, Inc.",
     isbn = {0-87259-904-3},
     year="2003"
}

@techreport{b:mays01,
    author      = "B.T. Mays",
    title       = "Shockwave and Muzzle Blast Classification via Joint Time Frequency and Wavelet Analysis",
    institution = "Army Research Lab Adelphi MD 20783-1197",
    year        = 2001,
    month       = sep,
}


@patent{b:duckworth99,
    authors = "G.L. Duckworth and D.C. Gilbert and J.E. Barger",
    year    = 1999,
    month   = jul,
    title   = "{U.S. Patent 5,930,202: Acoustic counter-sniper system}",
    key = "Duckworth",
}

@misc{b:cisco-loc,
    title   = "{CISCO} Location Services-Based Services website",
    howpublished = "\url{http://www.cisco.com/en/US/docs/solutions/Enterprise/Mobility/wifich3.html}",
    key = "CISCO",
}
